@article{ivan2014cloud,
	title="Cloud based Cross Platform Mobile Applications Building and integrating cloud services with mobile client applications",
	author="Ivan, Cosmina and Popa, Razvan",
	journal="Advances in Computer Science an International Journal",
	volume="3",
	number="2",
	pages="69--77",
	year="2014"
}
@article{rathore2007overview,
	title="An Overview of Mobile Database Caching",
	author="Rathore, Roma and Prinja, Rohini",
	journal="CiteSeerX, doi",
	volume="10",
	number="1.100",
	pages="9481",
	year="2007"
}
@inproceedings{bachmann2001introduction,
	title="Introduction to the attribute driven design method",
	author="Bachmann, Felix and Bass, Len",
	booktitle="Proceedings of the 23rd international conference on Software engineering",
	pages="745--746",
	year="2001",
	organization="IEEE Computer Society"
}
@phdthesis{fiorini2006arquitetura,
	title="Uma arquitetura gen{\'e}rica de software para disponibiliza{\c{c}}{\~a}o de uma aplica{\c{c}}{\~a}o web para dispositivos m{\'o}veis",
	author="Fiorini, Melissa and others",
	year="2006",
	school="Universidade Federal de Santa Catarina, Centro Tecnol{\'o}gico. Programa de P{\'o}s-Gradua{\c{c}}{\~a}o em Engenharia El{\'e}trica."
}
@manual{tiffany2008guide,
	title="Mobile Application Architecture Guide",
	author="Meier, J.D and Homer, Alex and Hill, David and Taylor, Jason and Bansode, Prashant and Wall, Lonnie and Boucher Jr, Rob and Bogwat, Akshay",
	year="2008",
	pages="138",
	organization="Microsoft"
}
@article{eeles2005capturing,
	title="Capturing architectural requirements",
	author="Eeles, Peter",
	journal="IBM Rational developer works",
	year="2005"
}
@inproceedings{dalmasso2013survey,
	title="Survey, comparison and evaluation of cross platform mobile application development tools",
	author="Dalmasso, Isabelle and Datta, Soumya Kanti and Bonnet, Christian and Nikaein, Navid",
	booktitle="Wireless Communications and Mobile Computing Conference (IWCMC), 2013 9th International",
	pages="323--328",
	year="2013",
	organization="IEEE"
}
@inproceedings{shehab2014reducing,
	author = "Shehab, Mohamed and AlJarrah, Abeer",
	title = "Reducing Attack Surface on Cordova-based Hybrid Mobile Apps",
	booktitle = "Proceedings of the 2Nd International Workshop on Mobile Development Lifecycle",
	series = "MobileDeLi '14",
	year = "2014",
	isbn = "978-1-4503-2190-7",
	location = "Portland, Oregon, USA",
	pages = "1--8",
	numpages = "8",
	url = "http://doi.acm.org/10.1145/2688412.2688417",
	doi = "10.1145/2688412.2688417",
	acmid = "2688417",
	publisher = "ACM",
	address = "New York, NY, USA",
	keywords = "apache cordova, cross-platform, hybrid, phonegap",
}